@misc{libcxx-vector-growth,
    key = {libcxx-vector},
    title = {{libc++ std::vector}},
    note = {Online at: \url{https://github.com/llvm/llvm-project/blob/main/libcxx/include/vector}},
    url = {https://github.com/llvm/llvm-project/blob/main/libcxx/include/vector}
}

@article{hat-sitarski,
    author = {Edward Sitarski},
    title = {{HATs: Hashed Array Trees}},
    journal = {Dr. Dobb's Journal},
    year = {1996},
    vol = {251},
    pages = {107--111},
    url = {https://archive.org/details/drdobbsjournal251sept1996}
}

@misc{hat-implementation,
    key = {hat-implementation},
    title = {{hashed-array-tree}},
    note = {Online at: \url{https://github.com/Aca-S/hashed-array-tree}},
    url = {https://github.com/Aca-S/hashed-array-tree}
}